%% This BibTeX bibliography file was created using BibDesk.
%% http://bibdesk.sourceforge.net/

%% Created for Jeffrey Varner at 2016-03-05 08:42:07 -0500 


%% Saved with string encoding Unicode (UTF-8) 



@conference{PSO,
	Author = {Kennedy, J and Eberhart, R},
	Booktitle = {Proceedings of the International Conference on Neural Networks},
	Date-Added = {2016-03-05 13:42:05 +0000},
	Date-Modified = {2016-03-05 13:42:05 +0000},
	Pages = {1942 - 1948},
	Title = {Particle swarm optimization},
	Year = {1995}}
